<record xmlns='http://www.loc.gov/MARC21/slim'><leader>02846nas a22009850  4500</leader><controlfield tag='005'>20180315121554.0</controlfield><controlfield tag='008'>750921u19499999miuzn1   i    0uuua0engd </controlfield><controlfield tag='001'>991011994439703811</controlfield><datafield ind1=' ' ind2=' ' tag='010'><subfield code='a'>50013627 /MN/r63</subfield></datafield><datafield ind1='0' ind2=' ' tag='022'><subfield code='a'>0027-4348</subfield></datafield><datafield ind1=' ' ind2=' ' tag='035'><subfield code='a'>(PPT)b1244621x-01tuli_inst</subfield></datafield><datafield ind1=' ' ind2=' ' tag='035'><subfield code='a'>ocn471177989</subfield><subfield code='9'>ExL</subfield></datafield><datafield ind1=' ' ind2=' ' tag='035'><subfield code='a'>PATG01643737S</subfield></datafield><datafield ind1=' ' ind2=' ' tag='035'><subfield code='a'>ocn470568057</subfield></datafield><datafield ind1=' ' ind2=' ' tag='035'><subfield code='a'>(OCLC)ocn470568057</subfield></datafield><datafield ind1=' ' ind2=' ' tag='040'><subfield code='a'>DLC</subfield><subfield code='c'>MnMULS</subfield><subfield code='d'>NAIULS</subfield><subfield code='d'>OCoLC</subfield><subfield code='d'>NIC</subfield><subfield code='d'>N</subfield><subfield code='d'>DLC</subfield><subfield code='d'>DLC</subfield><subfield code='d'>PPT</subfield></datafield><datafield ind1=' ' ind2=' ' tag='042'><subfield code='a'>lc</subfield><subfield code='a'>nsdp</subfield></datafield><datafield ind1=' ' ind2=' ' tag='079'><subfield code='a'>ocn470568057</subfield></datafield><datafield ind1=' ' ind2=' ' tag='090'><subfield code='a'>ML118.M84</subfield></datafield><datafield ind1='0' ind2='4' tag='222'><subfield code='a'>The Music index</subfield></datafield><datafield ind1='0' ind2='4' tag='245'><subfield code='a'>The Music index.</subfield></datafield><datafield ind1=' ' ind2=' ' tag='260'><subfield code='a'>Detroit,</subfield><subfield code='b'>Information Coordinators [etc.]</subfield></datafield><datafield ind1=' ' ind2=' ' tag='300'><subfield code='a'>v.</subfield><subfield code='c'>26 cm.</subfield></datafield><datafield ind1=' ' ind2=' ' tag='310'><subfield code='a'>Monthly, with annual cumulations</subfield></datafield><datafield ind1='0' ind2=' ' tag='362'><subfield code='a'>v. 1-   1949-</subfield></datafield><datafield ind1=' ' ind2=' ' tag='515'><subfield code='a'>Vol. 1, no. 12, Dec. 1949, is the first annual cumulation.</subfield></datafield><datafield ind1=' ' ind2='0' tag='650'><subfield code='a'>Music</subfield><subfield code='x'>Indexes.</subfield></datafield><datafield ind1=' ' ind2='0' tag='650'><subfield code='a'>Subject headings</subfield><subfield code='x'>Music.</subfield></datafield><datafield ind1=' ' ind2=' ' tag='907'><subfield code='a'>.b1244621x</subfield><subfield code='b'>multi</subfield><subfield code='c'>-</subfield></datafield><datafield ind1=' ' ind2=' ' tag='935'><subfield code='a'>00260877</subfield></datafield><datafield ind1=' ' ind2=' ' tag='945'><subfield code='l'>kstk </subfield><subfield code='u'>v.1962</subfield><subfield code='g'>1</subfield></datafield><datafield ind1=' ' ind2=' ' tag='945'><subfield code='l'>kstk </subfield><subfield code='u'>v.1985-86</subfield><subfield code='g'>1</subfield></datafield><datafield ind1=' ' ind2=' ' tag='945'><subfield code='l'>rstk </subfield><subfield code='u'>v.1967</subfield><subfield code='g'>1</subfield></datafield><datafield ind1=' ' ind2=' ' tag='945'><subfield code='l'>pstk </subfield><subfield code='u'>v.1949</subfield><subfield code='g'>1</subfield></datafield><datafield ind1=' ' ind2=' ' tag='945'><subfield code='l'>pstk </subfield><subfield code='u'>v.1950</subfield><subfield code='g'>1</subfield></datafield><datafield ind1=' ' ind2=' ' tag='945'><subfield code='l'>pstk </subfield><subfield code='u'>v.1951</subfield><subfield code='g'>1</subfield></datafield><datafield ind1=' ' ind2=' ' tag='945'><subfield code='l'>pstk </subfield><subfield code='u'>v.1952</subfield><subfield code='g'>1</subfield></datafield><datafield ind1=' ' ind2=' ' tag='945'><subfield code='l'>pstk </subfield><subfield code='u'>v.1953</subfield><subfield code='g'>1</subfield></datafield><datafield ind1=' ' ind2=' ' tag='945'><subfield code='l'>pstk </subfield><subfield code='u'>v.1954</subfield><subfield code='g'>1</subfield></datafield><datafield ind1=' ' ind2=' ' tag='945'><subfield code='l'>pstk </subfield><subfield code='u'>v.1955</subfield><subfield code='g'>1</subfield></datafield><datafield ind1=' ' ind2=' ' tag='945'><subfield code='l'>pstk </subfield><subfield code='u'>v.1956</subfield><subfield code='g'>1</subfield></datafield><datafield ind1=' ' ind2=' ' tag='945'><subfield code='l'>pstk </subfield><subfield code='u'>v.1957</subfield><subfield code='g'>1</subfield></datafield><datafield ind1=' ' ind2=' ' tag='945'><subfield code='l'>pstk </subfield><subfield code='u'>v.1958</subfield><subfield code='g'>1</subfield></datafield><datafield ind1=' ' ind2=' ' tag='945'><subfield code='l'>pstk </subfield><subfield code='u'>v.1959</subfield><subfield code='g'>1</subfield></datafield><datafield ind1=' ' ind2=' ' tag='945'><subfield code='l'>pstk </subfield><subfield code='u'>v.1960</subfield><subfield code='g'>1</subfield></datafield><datafield ind1=' ' ind2=' ' tag='945'><subfield code='l'>pstk </subfield><subfield code='u'>v.1961</subfield><subfield code='g'>1</subfield></datafield><datafield ind1=' ' ind2=' ' tag='945'><subfield code='l'>pstk </subfield><subfield code='u'>v.1962</subfield><subfield code='g'>1</subfield></datafield><datafield ind1=' ' ind2=' ' tag='945'><subfield code='l'>pstk </subfield><subfield code='u'>v.1963</subfield><subfield code='g'>1</subfield></datafield><datafield ind1=' ' ind2=' ' tag='945'><subfield code='l'>pstk </subfield><subfield code='u'>v.1964</subfield><subfield code='g'>1</subfield></datafield><datafield ind1=' ' ind2=' ' tag='945'><subfield code='l'>pstk </subfield><subfield code='u'>v.1965</subfield><subfield code='g'>1</subfield></datafield><datafield ind1=' ' ind2=' ' tag='945'><subfield code='l'>pstk </subfield><subfield code='u'>v.1966</subfield><subfield code='g'>1</subfield></datafield><datafield ind1=' ' ind2=' ' tag='945'><subfield code='l'>pstk </subfield><subfield code='u'>v.1959</subfield><subfield code='g'>1</subfield></datafield><datafield ind1=' ' ind2=' ' tag='945'><subfield code='l'>pstk </subfield><subfield code='u'>v.1968 pt.1</subfield><subfield code='g'>1</subfield></datafield><datafield ind1=' ' ind2=' ' tag='945'><subfield code='l'>pstk </subfield><subfield code='u'>v.1968 pt.2</subfield><subfield code='g'>1</subfield></datafield><datafield ind1=' ' ind2=' ' tag='945'><subfield code='l'>pstk </subfield><subfield code='u'>v.1969 pt.1</subfield><subfield code='g'>1</subfield></datafield><datafield ind1=' ' ind2=' ' tag='945'><subfield code='l'>pstk </subfield><subfield code='u'>v.1969 pt.2</subfield><subfield code='g'>1</subfield></datafield><datafield ind1=' ' ind2=' ' tag='945'><subfield code='l'>pstk </subfield><subfield code='u'>v.1970 pt.1</subfield><subfield code='g'>1</subfield></datafield><datafield ind1=' ' ind2=' ' tag='945'><subfield code='l'>pstk </subfield><subfield code='u'>v.1970 pt.2</subfield><subfield code='g'>1</subfield></datafield><datafield ind1=' ' ind2=' ' tag='945'><subfield code='l'>pstk </subfield><subfield code='u'>v.1971</subfield><subfield code='g'>1</subfield></datafield><datafield ind1=' ' ind2=' ' tag='945'><subfield code='l'>pstk </subfield><subfield code='u'>v.1972</subfield><subfield code='g'>1</subfield></datafield><datafield ind1=' ' ind2=' ' tag='945'><subfield code='l'>pstk </subfield><subfield code='u'>v.1973</subfield><subfield code='g'>1</subfield></datafield><datafield ind1=' ' ind2=' ' tag='945'><subfield code='l'>pstk </subfield><subfield code='u'>v.1974</subfield><subfield code='g'>1</subfield></datafield><datafield ind1=' ' ind2=' ' tag='945'><subfield code='l'>pstk </subfield><subfield code='u'>v.1975</subfield><subfield code='g'>1</subfield></datafield><datafield ind1=' ' ind2=' ' tag='945'><subfield code='l'>pstk </subfield><subfield code='u'>v.1976</subfield><subfield code='g'>1</subfield></datafield><datafield ind1=' ' ind2=' ' tag='945'><subfield code='l'>pstk </subfield><subfield code='u'>v.1977</subfield><subfield code='g'>1</subfield></datafield><datafield ind1=' ' ind2=' ' tag='945'><subfield code='l'>pstk </subfield><subfield code='u'>v.1978</subfield><subfield code='g'>1</subfield></datafield><datafield ind1=' ' ind2=' ' tag='945'><subfield code='l'>pstk </subfield><subfield code='u'>v.1979-80</subfield><subfield code='g'>1</subfield></datafield><datafield ind1=' ' ind2=' ' tag='945'><subfield code='l'>pstk </subfield><subfield code='u'>v.1981-82</subfield><subfield code='g'>1</subfield></datafield><datafield ind1=' ' ind2=' ' tag='945'><subfield code='l'>pstk </subfield><subfield code='u'>v.1983-84 v.35-36</subfield><subfield code='g'>1</subfield></datafield><datafield ind1=' ' ind2=' ' tag='945'><subfield code='l'>pstk </subfield><subfield code='u'>v.1985-86</subfield><subfield code='g'>1</subfield></datafield><datafield ind1=' ' ind2=' ' tag='945'><subfield code='l'>pstk </subfield><subfield code='u'>v.1987-88</subfield><subfield code='g'>1</subfield></datafield><datafield ind1=' ' ind2=' ' tag='945'><subfield code='l'>pstk </subfield><subfield code='u'>v.1989</subfield><subfield code='g'>1</subfield></datafield><datafield ind1=' ' ind2=' ' tag='945'><subfield code='l'>pstk </subfield><subfield code='u'>v.1990</subfield><subfield code='g'>1</subfield></datafield><datafield ind1=' ' ind2=' ' tag='945'><subfield code='l'>pstk </subfield><subfield code='u'>v.1992</subfield><subfield code='g'>1</subfield></datafield><datafield ind1=' ' ind2=' ' tag='945'><subfield code='l'>pstk </subfield><subfield code='u'>v.1993</subfield><subfield code='g'>1</subfield></datafield><datafield ind1=' ' ind2=' ' tag='945'><subfield code='l'>pstk </subfield><subfield code='u'>v.1994</subfield><subfield code='g'>1</subfield></datafield><datafield ind1=' ' ind2=' ' tag='945'><subfield code='l'>pstk </subfield><subfield code='u'>v.1995</subfield><subfield code='g'>1</subfield></datafield><datafield ind1=' ' ind2=' ' tag='945'><subfield code='l'>pstk </subfield><subfield code='u'>v.1996</subfield><subfield code='g'>1</subfield></datafield><datafield ind1=' ' ind2=' ' tag='945'><subfield code='l'>pstk </subfield><subfield code='u'>v.1997</subfield><subfield code='g'>1</subfield></datafield><datafield ind1=' ' ind2=' ' tag='945'><subfield code='l'>pstk </subfield><subfield code='u'>v.1998</subfield><subfield code='g'>1</subfield></datafield><datafield ind1=' ' ind2=' ' tag='950'><subfield code='l'>PREF</subfield><subfield code='x'>590</subfield><subfield code='f'>use yr.;non-circ.</subfield><subfield code='i'>01/01/01 N</subfield></datafield><datafield ind1=' ' ind2=' ' tag='955'><subfield code='c'>-</subfield><subfield code='u'>c=1 y=1949-1974</subfield></datafield><datafield ind1=' ' ind2=' ' tag='979'><subfield code='a'>ocn470568057</subfield></datafield><datafield ind1=' ' ind2=' ' tag='998'><subfield code='b'>51</subfield><subfield code='c'>990101</subfield><subfield code='d'>s</subfield><subfield code='e'>a</subfield><subfield code='f'>-</subfield><subfield code='g'>4</subfield></datafield><datafield ind1=' ' ind2=' ' tag='998'><subfield code='n'>PPT</subfield><subfield code='s'>9665</subfield></datafield><datafield ind1=' ' ind2=' ' tag='ADM'><subfield code='b'>2018-03-15 16:15:54</subfield><subfield code='e'>b1244621x-01tuli_inst</subfield><subfield code='d'>ILS</subfield><subfield code='a'>2017-06-20 12:49:55</subfield><subfield code='c'>false</subfield></datafield><datafield ind1='0' ind2=' ' tag='HLD'><subfield code='b'>ASRS</subfield><subfield code='c'>ASRS</subfield><subfield code='h'> ML118.M84 </subfield><subfield code='8'>22454253280003811</subfield><subfield code='updated'>2019-04-11 16:10:31</subfield><subfield code='created'>2017-06-20 12:49:55</subfield></datafield><datafield ind1='0' ind2=' ' tag='HLD'><subfield code='b'>KARDON</subfield><subfield code='c'>p_remote</subfield><subfield code='h'>ML118.M84</subfield><subfield code='x'>INT. NOTE: use yr. non-circ. | RETENTION: -</subfield><subfield code='8'>22320885960003811</subfield><subfield code='updated'>2017-06-20 12:50:19</subfield><subfield code='created'>2017-06-20 12:49:55</subfield></datafield><datafield ind1=' ' ind2='0' tag='HLD866'><subfield code='a'>v.1-50 (1949-1998)</subfield><subfield code='8'>22320885960003811</subfield></datafield><datafield ind1='0' ind2=' ' tag='HLD'><subfield code='b'>MAIN</subfield><subfield code='c'>reference</subfield><subfield code='h'>ML118.M84</subfield><subfield code='8'>22320885930003811</subfield><subfield code='updated'>2017-06-20 12:50:19</subfield><subfield code='created'>2017-06-20 12:49:55</subfield></datafield><datafield ind1='0' ind2=' ' tag='HLD'><subfield code='b'>MAIN</subfield><subfield code='c'>reserve</subfield><subfield code='h'>ML118.M84</subfield><subfield code='8'>22399660740003811</subfield><subfield code='updated'>2017-09-02 17:15:54</subfield><subfield code='created'>2017-06-20 12:49:55</subfield></datafield><datafield ind1=' ' ind2=' ' tag='ITM'><subfield code='r'>22320885960003811</subfield><subfield code='b'>0</subfield><subfield code='u'>MISSING</subfield><subfield code='h'>0</subfield><subfield code='g'>p_remote</subfield><subfield code='t'>ISSUE</subfield><subfield code='9'>39074007095367</subfield><subfield code='e'>p_remote</subfield><subfield code='8'>23320885940003811</subfield><subfield code='c'>1985-86</subfield><subfield code='a'>12</subfield><subfield code='q'>2017-06-20 12:49:55</subfield><subfield code='i'>ML118.M84</subfield><subfield code='d'>KARDON</subfield><subfield code='f'>KARDON</subfield></datafield><datafield ind1=' ' ind2=' ' tag='ITM'><subfield code='r'>22320885930003811</subfield><subfield code='b'>1</subfield><subfield code='h'>0</subfield><subfield code='g'>reserve</subfield><subfield code='t'>ISSUE</subfield><subfield code='9'>39074005427653</subfield><subfield code='e'>reference</subfield><subfield code='8'>23320885920003811</subfield><subfield code='c'>1967</subfield><subfield code='a'>12</subfield><subfield code='q'>2017-06-20 12:49:55</subfield><subfield code='i'>ML118.M84</subfield><subfield code='d'>MAIN</subfield><subfield code='f'>MAIN</subfield></datafield><datafield ind1=' ' ind2=' ' tag='ITM'><subfield code='r'>22399660740003811</subfield><subfield code='b'>1</subfield><subfield code='h'>0</subfield><subfield code='g'>reserve</subfield><subfield code='t'>ISSUE</subfield><subfield code='9'>39074005632468</subfield><subfield code='e'>reserve</subfield><subfield code='8'>23320886100003811</subfield><subfield code='c'>1962</subfield><subfield code='a'>12</subfield><subfield code='q'>2017-06-20 12:49:55</subfield><subfield code='i'>ML118.M84</subfield><subfield code='d'>MAIN</subfield><subfield code='f'>MAIN</subfield></datafield><datafield ind1=' ' ind2=' ' tag='ITM'><subfield code='r'>22454253280003811</subfield><subfield code='b'>1</subfield><subfield code='h'>0</subfield><subfield code='g'>ASRS</subfield><subfield code='t'>ISSUE</subfield><subfield code='9'>39074011321809</subfield><subfield code='e'>ASRS</subfield><subfield code='8'>23320885970003811</subfield><subfield code='c'>1997</subfield><subfield code='a'>12</subfield><subfield code='q'>2017-06-20 12:49:55</subfield><subfield code='i'>ML118.M84</subfield><subfield code='d'>ASRS</subfield><subfield code='f'>ASRS</subfield></datafield><datafield ind1=' ' ind2=' ' tag='ITM'><subfield code='r'>22454253280003811</subfield><subfield code='b'>1</subfield><subfield code='h'>0</subfield><subfield code='g'>ASRS</subfield><subfield code='t'>ISSUE</subfield><subfield code='9'>39074010626273</subfield><subfield code='e'>ASRS</subfield><subfield code='8'>23320885980003811</subfield><subfield code='c'>1996</subfield><subfield code='a'>12</subfield><subfield code='q'>2017-06-20 12:49:55</subfield><subfield code='i'>ML118.M84</subfield><subfield code='d'>ASRS</subfield><subfield code='f'>ASRS</subfield></datafield><datafield ind1=' ' ind2=' ' tag='ITM'><subfield code='r'>22320885960003811</subfield><subfield code='b'>0</subfield><subfield code='u'>MISSING</subfield><subfield code='h'>0</subfield><subfield code='g'>p_remote</subfield><subfield code='t'>ISSUE</subfield><subfield code='9'>39074005427646</subfield><subfield code='e'>p_remote</subfield><subfield code='8'>23320885950003811</subfield><subfield code='c'>1962</subfield><subfield code='a'>12</subfield><subfield code='q'>2017-06-20 12:49:55</subfield><subfield code='i'>ML118.M84</subfield><subfield code='d'>KARDON</subfield><subfield code='f'>KARDON</subfield></datafield><datafield ind1=' ' ind2=' ' tag='ITM'><subfield code='r'>22454253280003811</subfield><subfield code='b'>1</subfield><subfield code='h'>0</subfield><subfield code='g'>ASRS</subfield><subfield code='t'>ISSUE</subfield><subfield code='9'>39074010639656</subfield><subfield code='e'>ASRS</subfield><subfield code='8'>23320885990003811</subfield><subfield code='c'>1995</subfield><subfield code='a'>12</subfield><subfield code='q'>2017-06-20 12:49:55</subfield><subfield code='i'>ML118.M84</subfield><subfield code='d'>ASRS</subfield><subfield code='f'>ASRS</subfield></datafield><datafield ind1=' ' ind2=' ' tag='ITM'><subfield code='r'>22454253280003811</subfield><subfield code='b'>1</subfield><subfield code='h'>0</subfield><subfield code='g'>ASRS</subfield><subfield code='t'>ISSUE</subfield><subfield code='9'>39074005427786</subfield><subfield code='e'>ASRS</subfield><subfield code='8'>23320886140003811</subfield><subfield code='c'>1976</subfield><subfield code='a'>12</subfield><subfield code='q'>2017-06-20 12:49:55</subfield><subfield code='i'>ML118.M84</subfield><subfield code='d'>ASRS</subfield><subfield code='f'>ASRS</subfield></datafield><datafield ind1=' ' ind2=' ' tag='ITM'><subfield code='r'>22454253280003811</subfield><subfield code='b'>1</subfield><subfield code='h'>0</subfield><subfield code='g'>ASRS</subfield><subfield code='t'>ISSUE</subfield><subfield code='9'>39074005630694</subfield><subfield code='e'>ASRS</subfield><subfield code='8'>23320886120003811</subfield><subfield code='c'>1979-80</subfield><subfield code='a'>12</subfield><subfield code='q'>2017-06-20 12:49:55</subfield><subfield code='i'>ML118.M84</subfield><subfield code='d'>ASRS</subfield><subfield code='f'>ASRS</subfield></datafield><datafield ind1=' ' ind2=' ' tag='ITM'><subfield code='r'>22454253280003811</subfield><subfield code='b'>1</subfield><subfield code='h'>0</subfield><subfield code='g'>ASRS</subfield><subfield code='t'>ISSUE</subfield><subfield code='9'>39074005427927</subfield><subfield code='e'>ASRS</subfield><subfield code='8'>23320886150003811</subfield><subfield code='c'>1975</subfield><subfield code='a'>12</subfield><subfield code='q'>2017-06-20 12:49:55</subfield><subfield code='i'>ML118.M84</subfield><subfield code='d'>ASRS</subfield><subfield code='f'>ASRS</subfield></datafield><datafield ind1=' ' ind2=' ' tag='ITM'><subfield code='r'>22454253280003811</subfield><subfield code='b'>1</subfield><subfield code='h'>0</subfield><subfield code='g'>ASRS</subfield><subfield code='t'>ISSUE</subfield><subfield code='9'>39074023181084</subfield><subfield code='e'>ASRS</subfield><subfield code='8'>23320886160003811</subfield><subfield code='c'>1974</subfield><subfield code='a'>12</subfield><subfield code='q'>2017-06-20 12:49:55</subfield><subfield code='i'>ML118.M84</subfield><subfield code='d'>ASRS</subfield><subfield code='f'>ASRS</subfield></datafield><datafield ind1=' ' ind2=' ' tag='ITM'><subfield code='r'>22454253280003811</subfield><subfield code='b'>1</subfield><subfield code='h'>0</subfield><subfield code='g'>ASRS</subfield><subfield code='t'>ISSUE</subfield><subfield code='9'>39074005118401</subfield><subfield code='e'>ASRS</subfield><subfield code='8'>23320886110003811</subfield><subfield code='c'>1981-82</subfield><subfield code='a'>12</subfield><subfield code='q'>2017-06-20 12:49:55</subfield><subfield code='i'>ML118.M84</subfield><subfield code='d'>ASRS</subfield><subfield code='f'>ASRS</subfield></datafield><datafield ind1=' ' ind2=' ' tag='ITM'><subfield code='r'>22454253280003811</subfield><subfield code='b'>1</subfield><subfield code='h'>0</subfield><subfield code='g'>ASRS</subfield><subfield code='t'>ISSUE</subfield><subfield code='9'>39074004672226</subfield><subfield code='e'>ASRS</subfield><subfield code='8'>23320886130003811</subfield><subfield code='c'>1978</subfield><subfield code='a'>12</subfield><subfield code='q'>2017-06-20 12:49:55</subfield><subfield code='i'>ML118.M84</subfield><subfield code='d'>ASRS</subfield><subfield code='f'>ASRS</subfield></datafield><datafield ind1=' ' ind2=' ' tag='ITM'><subfield code='r'>22399660740003811</subfield><subfield code='b'>1</subfield><subfield code='h'>0</subfield><subfield code='g'>reserve</subfield><subfield code='t'>ISSUE</subfield><subfield code='9'>39074005427679</subfield><subfield code='e'>reserve</subfield><subfield code='8'>23320886380003811</subfield><subfield code='c'>1953</subfield><subfield code='a'>12</subfield><subfield code='q'>2017-06-20 12:49:55</subfield><subfield code='i'>ML118.M84</subfield><subfield code='d'>MAIN</subfield><subfield code='f'>MAIN</subfield></datafield><datafield ind1=' ' ind2=' ' tag='ITM'><subfield code='r'>22399660740003811</subfield><subfield code='b'>1</subfield><subfield code='h'>0</subfield><subfield code='g'>reserve</subfield><subfield code='t'>ISSUE</subfield><subfield code='9'>39074005427539</subfield><subfield code='e'>reserve</subfield><subfield code='8'>23320886360003811</subfield><subfield code='c'>1955</subfield><subfield code='a'>12</subfield><subfield code='q'>2017-06-20 12:49:55</subfield><subfield code='i'>ML118.M84</subfield><subfield code='d'>MAIN</subfield><subfield code='f'>MAIN</subfield></datafield><datafield ind1=' ' ind2=' ' tag='ITM'><subfield code='r'>22454253280003811</subfield><subfield code='b'>1</subfield><subfield code='h'>0</subfield><subfield code='g'>ASRS</subfield><subfield code='t'>ISSUE</subfield><subfield code='9'>39074005427778</subfield><subfield code='e'>ASRS</subfield><subfield code='8'>23320886180003811</subfield><subfield code='c'>1972</subfield><subfield code='a'>12</subfield><subfield code='q'>2017-06-20 12:49:55</subfield><subfield code='i'>ML118.M84</subfield><subfield code='d'>ASRS</subfield><subfield code='f'>ASRS</subfield></datafield><datafield ind1=' ' ind2=' ' tag='ITM'><subfield code='r'>22399660740003811</subfield><subfield code='b'>1</subfield><subfield code='h'>0</subfield><subfield code='g'>reserve</subfield><subfield code='t'>ISSUE</subfield><subfield code='9'>39074005427638</subfield><subfield code='e'>reserve</subfield><subfield code='8'>23320886340003811</subfield><subfield code='c'>1957</subfield><subfield code='a'>12</subfield><subfield code='q'>2017-06-20 12:49:55</subfield><subfield code='i'>ML118.M84</subfield><subfield code='d'>MAIN</subfield><subfield code='f'>MAIN</subfield></datafield><datafield ind1=' ' ind2=' ' tag='ITM'><subfield code='r'>22399660740003811</subfield><subfield code='b'>1</subfield><subfield code='h'>0</subfield><subfield code='g'>reserve</subfield><subfield code='t'>ISSUE</subfield><subfield code='9'>39074005427554</subfield><subfield code='e'>reserve</subfield><subfield code='8'>23320886270003811</subfield><subfield code='c'>1965</subfield><subfield code='a'>12</subfield><subfield code='q'>2017-06-20 12:49:55</subfield><subfield code='i'>ML118.M84</subfield><subfield code='d'>MAIN</subfield><subfield code='f'>MAIN</subfield></datafield><datafield ind1=' ' ind2=' ' tag='ITM'><subfield code='r'>22454253280003811</subfield><subfield code='b'>1</subfield><subfield code='h'>0</subfield><subfield code='g'>ASRS</subfield><subfield code='t'>ISSUE</subfield><subfield code='9'>39074005427760</subfield><subfield code='e'>ASRS</subfield><subfield code='8'>23320886230003811</subfield><subfield code='c'>1969 pt.1</subfield><subfield code='a'>12</subfield><subfield code='q'>2017-06-20 12:49:55</subfield><subfield code='i'>ML118.M84</subfield><subfield code='d'>ASRS</subfield><subfield code='f'>ASRS</subfield></datafield><datafield ind1=' ' ind2=' ' tag='ITM'><subfield code='r'>22454253280003811</subfield><subfield code='b'>1</subfield><subfield code='h'>0</subfield><subfield code='g'>ASRS</subfield><subfield code='t'>ISSUE</subfield><subfield code='9'>39074005427703</subfield><subfield code='e'>ASRS</subfield><subfield code='8'>23320886250003811</subfield><subfield code='c'>1968 pt.1</subfield><subfield code='a'>12</subfield><subfield code='q'>2017-06-20 12:49:55</subfield><subfield code='i'>ML118.M84</subfield><subfield code='d'>ASRS</subfield><subfield code='f'>ASRS</subfield></datafield><datafield ind1=' ' ind2=' ' tag='ITM'><subfield code='r'>22399660740003811</subfield><subfield code='b'>1</subfield><subfield code='h'>0</subfield><subfield code='g'>reserve</subfield><subfield code='t'>ISSUE</subfield><subfield code='9'>39074005427695</subfield><subfield code='e'>reserve</subfield><subfield code='8'>23320886290003811</subfield><subfield code='c'>1963</subfield><subfield code='a'>12</subfield><subfield code='q'>2017-06-20 12:49:55</subfield><subfield code='i'>ML118.M84</subfield><subfield code='d'>MAIN</subfield><subfield code='f'>MAIN</subfield></datafield><datafield ind1=' ' ind2=' ' tag='ITM'><subfield code='r'>22399660740003811</subfield><subfield code='b'>1</subfield><subfield code='h'>0</subfield><subfield code='g'>reserve</subfield><subfield code='t'>ISSUE</subfield><subfield code='9'>39074005427596</subfield><subfield code='e'>reserve</subfield><subfield code='8'>23320886300003811</subfield><subfield code='c'>1961</subfield><subfield code='a'>12</subfield><subfield code='q'>2017-06-20 12:49:55</subfield><subfield code='i'>ML118.M84</subfield><subfield code='d'>MAIN</subfield><subfield code='f'>MAIN</subfield></datafield><datafield ind1=' ' ind2=' ' tag='ITM'><subfield code='r'>22399660740003811</subfield><subfield code='b'>1</subfield><subfield code='h'>0</subfield><subfield code='g'>reserve</subfield><subfield code='t'>ISSUE</subfield><subfield code='9'>39074005427737</subfield><subfield code='e'>reserve</subfield><subfield code='8'>23320886320003811</subfield><subfield code='c'>1959</subfield><subfield code='a'>12</subfield><subfield code='q'>2017-06-20 12:49:55</subfield><subfield code='i'>ML118.M84</subfield><subfield code='d'>MAIN</subfield><subfield code='f'>MAIN</subfield></datafield><datafield ind1=' ' ind2=' ' tag='ITM'><subfield code='r'>22399660740003811</subfield><subfield code='b'>1</subfield><subfield code='h'>0</subfield><subfield code='g'>reserve</subfield><subfield code='t'>ISSUE</subfield><subfield code='9'>39074005427521</subfield><subfield code='e'>reserve</subfield><subfield code='8'>23320886410003811</subfield><subfield code='c'>1950</subfield><subfield code='a'>12</subfield><subfield code='q'>2017-06-20 12:49:55</subfield><subfield code='i'>ML118.M84</subfield><subfield code='d'>MAIN</subfield><subfield code='f'>MAIN</subfield></datafield><datafield ind1=' ' ind2=' ' tag='ITM'><subfield code='r'>22454253280003811</subfield><subfield code='b'>1</subfield><subfield code='h'>0</subfield><subfield code='g'>ASRS</subfield><subfield code='t'>ISSUE</subfield><subfield code='9'>39074014374425</subfield><subfield code='e'>ASRS</subfield><subfield code='8'>23320886430003811</subfield><subfield code='c'>1998</subfield><subfield code='a'>12</subfield><subfield code='q'>2017-06-20 12:49:55</subfield><subfield code='i'>ML118.M84</subfield><subfield code='d'>ASRS</subfield><subfield code='f'>ASRS</subfield></datafield><datafield ind1=' ' ind2=' ' tag='ITM'><subfield code='r'>22454253280003811</subfield><subfield code='b'>1</subfield><subfield code='h'>0</subfield><subfield code='g'>ASRS</subfield><subfield code='t'>ISSUE</subfield><subfield code='9'>39074005427919</subfield><subfield code='e'>ASRS</subfield><subfield code='8'>23320886200003811</subfield><subfield code='c'>1970 pt.2</subfield><subfield code='a'>12</subfield><subfield code='q'>2017-06-20 12:49:55</subfield><subfield code='i'>ML118.M84</subfield><subfield code='d'>ASRS</subfield><subfield code='f'>ASRS</subfield></datafield><datafield ind1=' ' ind2=' ' tag='ITM'><subfield code='r'>22454253280003811</subfield><subfield code='b'>1</subfield><subfield code='h'>0</subfield><subfield code='g'>ASRS</subfield><subfield code='t'>ISSUE</subfield><subfield code='9'>39074005427869</subfield><subfield code='e'>ASRS</subfield><subfield code='8'>23320886210003811</subfield><subfield code='c'>1970 pt.1</subfield><subfield code='a'>12</subfield><subfield code='q'>2017-06-20 12:49:55</subfield><subfield code='i'>ML118.M84</subfield><subfield code='d'>ASRS</subfield><subfield code='f'>ASRS</subfield></datafield><datafield ind1=' ' ind2=' ' tag='ITM'><subfield code='r'>22454253280003811</subfield><subfield code='b'>1</subfield><subfield code='h'>0</subfield><subfield code='g'>ASRS</subfield><subfield code='t'>ISSUE</subfield><subfield code='9'>39074005427810</subfield><subfield code='e'>ASRS</subfield><subfield code='8'>23320886220003811</subfield><subfield code='c'>1969 pt.2</subfield><subfield code='a'>12</subfield><subfield code='q'>2017-06-20 12:49:55</subfield><subfield code='i'>ML118.M84</subfield><subfield code='d'>ASRS</subfield><subfield code='f'>ASRS</subfield></datafield><datafield ind1=' ' ind2=' ' tag='ITM'><subfield code='r'>22454253280003811</subfield><subfield code='b'>0</subfield><subfield code='u'>MISSING</subfield><subfield code='h'>0</subfield><subfield code='g'>ASRS</subfield><subfield code='t'>ISSUE</subfield><subfield code='9'>39074009126723</subfield><subfield code='e'>ASRS</subfield><subfield code='8'>23320886040003811</subfield><subfield code='c'>1959</subfield><subfield code='a'>0</subfield><subfield code='q'>2017-06-20 12:49:55</subfield><subfield code='i'>ML118.M84</subfield><subfield code='d'>ASRS</subfield><subfield code='f'>ASRS</subfield></datafield><datafield ind1=' ' ind2=' ' tag='ITM'><subfield code='r'>22454253280003811</subfield><subfield code='b'>1</subfield><subfield code='h'>0</subfield><subfield code='g'>ASRS</subfield><subfield code='t'>ISSUE</subfield><subfield code='9'>39074008779662</subfield><subfield code='e'>ASRS</subfield><subfield code='8'>23320886050003811</subfield><subfield code='c'>1990</subfield><subfield code='a'>12</subfield><subfield code='q'>2017-06-20 12:49:55</subfield><subfield code='i'>ML118.M84</subfield><subfield code='d'>ASRS</subfield><subfield code='f'>ASRS</subfield></datafield><datafield ind1=' ' ind2=' ' tag='ITM'><subfield code='r'>22454253280003811</subfield><subfield code='b'>1</subfield><subfield code='h'>0</subfield><subfield code='g'>ASRS</subfield><subfield code='t'>ISSUE</subfield><subfield code='9'>39074008481343</subfield><subfield code='e'>ASRS</subfield><subfield code='8'>23320886060003811</subfield><subfield code='c'>1989</subfield><subfield code='a'>12</subfield><subfield code='q'>2017-06-20 12:49:55</subfield><subfield code='i'>ML118.M84</subfield><subfield code='d'>ASRS</subfield><subfield code='f'>ASRS</subfield></datafield><datafield ind1=' ' ind2=' ' tag='ITM'><subfield code='r'>22454253280003811</subfield><subfield code='b'>1</subfield><subfield code='h'>0</subfield><subfield code='g'>ASRS</subfield><subfield code='t'>ISSUE</subfield><subfield code='9'>39074005848460</subfield><subfield code='e'>ASRS</subfield><subfield code='8'>23320886070003811</subfield><subfield code='c'>1983-84 v.35-36</subfield><subfield code='a'>12</subfield><subfield code='q'>2017-06-20 12:49:55</subfield><subfield code='i'>ML118.M84</subfield><subfield code='d'>ASRS</subfield><subfield code='f'>ASRS</subfield></datafield><datafield ind1=' ' ind2=' ' tag='ITM'><subfield code='r'>22454253280003811</subfield><subfield code='b'>1</subfield><subfield code='h'>0</subfield><subfield code='g'>ASRS</subfield><subfield code='t'>ISSUE</subfield><subfield code='9'>39074023181191</subfield><subfield code='e'>ASRS</subfield><subfield code='8'>23320886090003811</subfield><subfield code='c'>1977</subfield><subfield code='a'>12</subfield><subfield code='q'>2017-06-20 12:49:55</subfield><subfield code='i'>ML118.M84</subfield><subfield code='d'>ASRS</subfield><subfield code='f'>ASRS</subfield></datafield><datafield ind1=' ' ind2=' ' tag='ITM'><subfield code='r'>22454253280003811</subfield><subfield code='b'>1</subfield><subfield code='h'>0</subfield><subfield code='g'>ASRS</subfield><subfield code='t'>ISSUE</subfield><subfield code='9'>39074005848361</subfield><subfield code='e'>ASRS</subfield><subfield code='8'>23320886080003811</subfield><subfield code='c'>1985-86</subfield><subfield code='a'>12</subfield><subfield code='q'>2017-06-20 12:49:55</subfield><subfield code='i'>ML118.M84</subfield><subfield code='d'>ASRS</subfield><subfield code='f'>ASRS</subfield></datafield><datafield ind1=' ' ind2=' ' tag='ITM'><subfield code='r'>22454253280003811</subfield><subfield code='b'>1</subfield><subfield code='h'>0</subfield><subfield code='g'>ASRS</subfield><subfield code='t'>ISSUE</subfield><subfield code='9'>39074009977364</subfield><subfield code='e'>ASRS</subfield><subfield code='8'>23320886010003811</subfield><subfield code='c'>1987-88</subfield><subfield code='a'>12</subfield><subfield code='q'>2017-06-20 12:49:55</subfield><subfield code='i'>ML118.M84</subfield><subfield code='d'>ASRS</subfield><subfield code='f'>ASRS</subfield></datafield><datafield ind1=' ' ind2=' ' tag='ITM'><subfield code='r'>22454253280003811</subfield><subfield code='b'>1</subfield><subfield code='h'>0</subfield><subfield code='g'>ASRS</subfield><subfield code='t'>ISSUE</subfield><subfield code='9'>39074010300929</subfield><subfield code='e'>ASRS</subfield><subfield code='8'>23320886020003811</subfield><subfield code='c'>1993</subfield><subfield code='a'>12</subfield><subfield code='q'>2017-06-20 12:49:55</subfield><subfield code='i'>ML118.M84</subfield><subfield code='d'>ASRS</subfield><subfield code='f'>ASRS</subfield></datafield><datafield ind1=' ' ind2=' ' tag='ITM'><subfield code='r'>22454253280003811</subfield><subfield code='b'>1</subfield><subfield code='h'>0</subfield><subfield code='g'>ASRS</subfield><subfield code='t'>ISSUE</subfield><subfield code='9'>39074009639162</subfield><subfield code='e'>ASRS</subfield><subfield code='8'>23320886030003811</subfield><subfield code='c'>1992</subfield><subfield code='a'>12</subfield><subfield code='q'>2017-06-20 12:49:55</subfield><subfield code='i'>ML118.M84</subfield><subfield code='d'>ASRS</subfield><subfield code='f'>ASRS</subfield></datafield><datafield ind1=' ' ind2=' ' tag='ITM'><subfield code='r'>22454253280003811</subfield><subfield code='b'>1</subfield><subfield code='h'>0</subfield><subfield code='g'>ASRS</subfield><subfield code='t'>ISSUE</subfield><subfield code='9'>39074011014321</subfield><subfield code='e'>ASRS</subfield><subfield code='8'>23320886000003811</subfield><subfield code='c'>1994</subfield><subfield code='a'>12</subfield><subfield code='q'>2017-06-20 12:49:55</subfield><subfield code='i'>ML118.M84</subfield><subfield code='d'>ASRS</subfield><subfield code='f'>ASRS</subfield></datafield><datafield ind1=' ' ind2=' ' tag='ITM'><subfield code='r'>22399660740003811</subfield><subfield code='b'>1</subfield><subfield code='h'>0</subfield><subfield code='g'>reserve</subfield><subfield code='t'>ISSUE</subfield><subfield code='9'>39074005427729</subfield><subfield code='e'>reserve</subfield><subfield code='8'>23320886370003811</subfield><subfield code='c'>1954</subfield><subfield code='a'>12</subfield><subfield code='q'>2017-06-20 12:49:55</subfield><subfield code='i'>ML118.M84</subfield><subfield code='d'>MAIN</subfield><subfield code='f'>MAIN</subfield></datafield><datafield ind1=' ' ind2=' ' tag='ITM'><subfield code='r'>22399660740003811</subfield><subfield code='b'>1</subfield><subfield code='h'>0</subfield><subfield code='g'>reserve</subfield><subfield code='t'>ISSUE</subfield><subfield code='9'>39074005427620</subfield><subfield code='e'>reserve</subfield><subfield code='8'>23320886390003811</subfield><subfield code='c'>1952</subfield><subfield code='a'>12</subfield><subfield code='q'>2017-06-20 12:49:55</subfield><subfield code='i'>ML118.M84</subfield><subfield code='d'>MAIN</subfield><subfield code='f'>MAIN</subfield></datafield><datafield ind1=' ' ind2=' ' tag='ITM'><subfield code='r'>22454253280003811</subfield><subfield code='b'>1</subfield><subfield code='h'>0</subfield><subfield code='g'>ASRS</subfield><subfield code='t'>ISSUE</subfield><subfield code='9'>39074005427968</subfield><subfield code='e'>ASRS</subfield><subfield code='8'>23320886190003811</subfield><subfield code='c'>1971</subfield><subfield code='a'>12</subfield><subfield code='q'>2017-06-20 12:49:55</subfield><subfield code='i'>ML118.M84</subfield><subfield code='d'>ASRS</subfield><subfield code='f'>ASRS</subfield></datafield><datafield ind1=' ' ind2=' ' tag='ITM'><subfield code='r'>22399660740003811</subfield><subfield code='b'>1</subfield><subfield code='h'>0</subfield><subfield code='g'>reserve</subfield><subfield code='t'>ISSUE</subfield><subfield code='9'>39074005849872</subfield><subfield code='e'>reserve</subfield><subfield code='8'>23320886260003811</subfield><subfield code='c'>1966</subfield><subfield code='a'>12</subfield><subfield code='q'>2017-06-20 12:49:55</subfield><subfield code='i'>ML118.M84</subfield><subfield code='d'>MAIN</subfield><subfield code='f'>MAIN</subfield></datafield><datafield ind1=' ' ind2=' ' tag='ITM'><subfield code='r'>22454253280003811</subfield><subfield code='b'>1</subfield><subfield code='h'>0</subfield><subfield code='g'>ASRS</subfield><subfield code='t'>ISSUE</subfield><subfield code='9'>39074023181092</subfield><subfield code='e'>ASRS</subfield><subfield code='8'>23320886170003811</subfield><subfield code='c'>1973</subfield><subfield code='a'>12</subfield><subfield code='q'>2017-06-20 12:49:55</subfield><subfield code='i'>ML118.M84</subfield><subfield code='d'>ASRS</subfield><subfield code='f'>ASRS</subfield></datafield><datafield ind1=' ' ind2=' ' tag='ITM'><subfield code='r'>22399660740003811</subfield><subfield code='b'>1</subfield><subfield code='h'>0</subfield><subfield code='g'>reserve</subfield><subfield code='t'>ISSUE</subfield><subfield code='9'>39074005427588</subfield><subfield code='e'>reserve</subfield><subfield code='8'>23320886350003811</subfield><subfield code='c'>1956</subfield><subfield code='a'>12</subfield><subfield code='q'>2017-06-20 12:49:55</subfield><subfield code='i'>ML118.M84</subfield><subfield code='d'>MAIN</subfield><subfield code='f'>MAIN</subfield></datafield><datafield ind1=' ' ind2=' ' tag='ITM'><subfield code='r'>22399660740003811</subfield><subfield code='b'>1</subfield><subfield code='h'>0</subfield><subfield code='g'>reserve</subfield><subfield code='t'>ISSUE</subfield><subfield code='9'>39074005427687</subfield><subfield code='e'>reserve</subfield><subfield code='8'>23320886330003811</subfield><subfield code='c'>1958</subfield><subfield code='a'>12</subfield><subfield code='q'>2017-06-20 12:49:55</subfield><subfield code='i'>ML118.M84</subfield><subfield code='d'>MAIN</subfield><subfield code='f'>MAIN</subfield></datafield><datafield ind1=' ' ind2=' ' tag='ITM'><subfield code='r'>22454253280003811</subfield><subfield code='b'>1</subfield><subfield code='h'>0</subfield><subfield code='g'>ASRS</subfield><subfield code='t'>ISSUE</subfield><subfield code='9'>39074005427752</subfield><subfield code='e'>ASRS</subfield><subfield code='8'>23320886240003811</subfield><subfield code='c'>1968 pt.2</subfield><subfield code='a'>12</subfield><subfield code='q'>2017-06-20 12:49:55</subfield><subfield code='i'>ML118.M84</subfield><subfield code='d'>ASRS</subfield><subfield code='f'>ASRS</subfield></datafield><datafield ind1=' ' ind2=' ' tag='ITM'><subfield code='r'>22454253280003811</subfield><subfield code='b'>0</subfield><subfield code='u'>MISSING</subfield><subfield code='h'>0</subfield><subfield code='g'>ASRS</subfield><subfield code='t'>ISSUE</subfield><subfield code='9'>39074005427745</subfield><subfield code='e'>ASRS</subfield><subfield code='8'>23320886280003811</subfield><subfield code='c'>1964</subfield><subfield code='a'>12</subfield><subfield code='q'>2017-06-20 12:49:55</subfield><subfield code='i'>ML118.M84</subfield><subfield code='d'>ASRS</subfield><subfield code='f'>ASRS</subfield></datafield><datafield ind1=' ' ind2=' ' tag='ITM'><subfield code='r'>22399660740003811</subfield><subfield code='b'>1</subfield><subfield code='h'>0</subfield><subfield code='g'>reserve</subfield><subfield code='t'>ISSUE</subfield><subfield code='9'>39074005427547</subfield><subfield code='e'>reserve</subfield><subfield code='8'>23320886310003811</subfield><subfield code='c'>1960</subfield><subfield code='a'>12</subfield><subfield code='q'>2017-06-20 12:49:55</subfield><subfield code='i'>ML118.M84</subfield><subfield code='d'>MAIN</subfield><subfield code='f'>MAIN</subfield></datafield><datafield ind1=' ' ind2=' ' tag='ITM'><subfield code='r'>22399660740003811</subfield><subfield code='b'>1</subfield><subfield code='h'>0</subfield><subfield code='g'>reserve</subfield><subfield code='t'>ISSUE</subfield><subfield code='9'>39074005427570</subfield><subfield code='e'>reserve</subfield><subfield code='8'>23320886400003811</subfield><subfield code='c'>1951</subfield><subfield code='a'>12</subfield><subfield code='q'>2017-06-20 12:49:55</subfield><subfield code='i'>ML118.M84</subfield><subfield code='d'>MAIN</subfield><subfield code='f'>MAIN</subfield></datafield><datafield ind1=' ' ind2=' ' tag='ITM'><subfield code='r'>22399660740003811</subfield><subfield code='b'>1</subfield><subfield code='h'>0</subfield><subfield code='g'>reserve</subfield><subfield code='t'>ISSUE</subfield><subfield code='9'>39074005427711</subfield><subfield code='e'>reserve</subfield><subfield code='8'>23320886420003811</subfield><subfield code='c'>1949</subfield><subfield code='a'>12</subfield><subfield code='q'>2017-06-20 12:49:55</subfield><subfield code='i'>ML118.M84</subfield><subfield code='d'>MAIN</subfield><subfield code='f'>MAIN</subfield></datafield></record>